@BOOK{ABOOK, 
 AUTHOR="John Doe",
 TITLE={"Example"}, 
 PUBLISHER={Publisher}, 
 ADDRESS={222 NW Flower Road, Portland},
 YEAR={2015}
 }